@misc{opensource,
key	= "Open Source",
title	= "Open source",
journal	= "Wikipédia, L'encyclopédie libre",
year	= "2011"
}
@misc{cnil,
key	= "Commission nationale de l'informatique et des libertés",
title	= "Commission nationale de l'informatique et des libertés",
journal	= "Wikipédia, L'encyclopédie libre",
year	= "2011"
}

